@article {CL73,
    AUTHOR = {Carrell, James B. and Lieberman, David I.},
     TITLE = {Holomorphic vector fields and {K}aehler manifolds},
   JOURNAL = {Invent. Math.},
  FJOURNAL = {Inventiones Mathematicae},
    VOLUME = {21},
      YEAR = {1973},
     PAGES = {303--309},
      ISSN = {0020-9910},
   MRCLASS = {32M10 (53C55)},
  MRNUMBER = {326010},
MRREVIEWER = {Shoshichi Kobayashi},
       DOI = {10.1007/BF01418791},
       URL = {https://doi.org/10.1007/BF01418791},
}